@InProceedings{W18-5427,
  author = 	"Tutek, Martin
		and {\v{S}}najder, Jan",
  title = 	"Iterative Recursive Attention Model for Interpretable Sequence Classification",
  booktitle = 	"Proc. of BlackboxNLP",
  year = 	"2018",
  pages = 	"249--257",
  location = 	"Brussels, Belgium",
  url = 	"http://aclweb.org/anthology/W18-5427"
}
@InProceedings{D18-1401,
  author = 	"Shen, Chenlin
		and Sun, Changlong
		and Wang, Jingjing
		and Kang, Yangyang
		and Li, Shoushan
		and Liu, Xiaozhong
		and Si, Luo
		and Zhang, Min
		and Zhou, Guodong",
  title = 	"Sentiment Classification towards Question-Answering with Hierarchical Matching Network",
  booktitle = 	"Proc. of EMNLP",
  year = 	"2018",
  pages = 	"3654--3663",
  location = 	"Brussels, Belgium",
  url = 	"http://aclweb.org/anthology/D18-1401"
}


@incollection{auer2007dbpedia,
  title={Dbpedia: A nucleus for a web of open data},
  author={Auer, S{\"o}ren and Bizer, Christian and Kobilarov, Georgi and Lehmann, Jens and Cyganiak, Richard and Ives, Zachary},
  booktitle={The semantic web},
  pages={722--735},
  year={2007},
  publisher={Springer}
}

@article{moore2016cryptopolitik,
author = {Daniel Moore and Thomas Rid},
title = {Cryptopolitik and the Darknet},
journal = {Survival},
volume = {58},
number = {1},
pages = {7-38},
year  = {2016},
publisher = {Routledge},
doi = {10.1080/00396338.2016.1142085},

URL = { 
        https://doi.org/10.1080/00396338.2016.1142085
    
},
eprint = { 
        https://doi.org/10.1080/00396338.2016.1142085}
    
}

@InProceedings{Gardner2017AllenNLP,
  author = 	"Gardner, Matt
		and Grus, Joel
		and Neumann, Mark
		and Tafjord, Oyvind
		and Dasigi, Pradeep
		and F. Liu, Nelson
		and Peters, Matthew
		and Schmitz, Michael
		and Zettlemoyer, Luke",
  title = 	"Allen{NLP}: A Deep Semantic Natural Language Processing Platform",
  booktitle = 	"Proc. of NLP-OSS",
  year = 	"2018",
  pages = 	"1--6",
  location = 	"Melbourne, Australia",
  url = 	"http://aclweb.org/anthology/W18-2501"
}

@inproceedings{pennington2014glove,
  author = {Jeffrey Pennington and Richard Socher and Christopher D. Manning},
  booktitle = {Proc. of EMNLP},
  title = {Glo{V}e: Global Vectors for Word Representation},
  year = {2014},
  pages = {1532--1543},
  url = {http://www.aclweb.org/anthology/D14-1162},
}
@inproceedings{Peters:2018,
  author={Peters, Matthew E. and  Neumann, Mark and Iyyer, Mohit and Gardner, Matt and Clark, Christopher and Lee, Kenton and Zettlemoyer, Luke},
  title={Deep contextualized word representations},
  booktitle={Proc. of NAACL},
  year={2018},
  url={http://aclweb.org/anthology/N18-1202}
}
@inproceedings{mccann2017learned,
  title={Learned in translation: Contextualized word vectors},
  author={McCann, Bryan and Bradbury, James and Xiong, Caiming and Socher, Richard},
  booktitle={Proc. of NeurIPS},
  pages={6297--6308},
  year={2017},
  url={http://papers.nips.cc/paper/7209-learned-in-translation-contextualized-word-vectors.pdf}
}
@inproceedings{Plank2011EffectiveMO,
	title={Effective Measures of Domain Similarity for Parsing},
	author={Barbara Plank and Gertjan van Noord},
	booktitle={Proc. of ACL},
	year={2011},
  url={http://aclweb.org/anthology/P11-1157}
}
@article{suzgun2018evaluating,
	title={On Evaluating the Generalization of LSTM Models in Formal Languages},
	author={Suzgun, Mirac and Belinkov, Yonatan and Shieber, Stuart M},
	journal={arXiv preprint arXiv:1811.01001},
	year={2018}
}
@inproceedings{AlNabki17,
	author = "Mhd Wesam {Al Nabki} and Eduardo Fidalgo and Enrique Alegre and Ivan de Paz",
	title = "Classifying Illegal Activities on {T}or Network Based on Web Textual Contents",
	booktitle = "Proc. of EACL",
	pages = "35-43",
	url = "http://www.aclweb.org/anthology/E17-1004",
	year = "2017"}

@unpublished{Avarikioti18,
	author = "Georgia Avarikioti and Roman Brunner and Aggelos Kiayias and Roger Wattenhofer and Dionysis Zindros",
	title = "Structure and content of the visible {D}arknet",
	note = "arXiv:1811.01348v2 [cs:CY]",
	url = "https://arxiv.org/abs/1811.01348",
	year = "2018"}

@inproceedings{Biryukov14,
	author = "Alex Biryukov and Ivan Pustogarov and Fabrice Thill and Ralf-Philipp Weinmann",
	title = "Content and popularity analysis of {T}or hidden services",
	booktitle = "Proc. of ICDCSW",
	pages = "188-193",
  year = "2014",
  url={https://dl.acm.org/citation.cfm?id=2673163}}

@inproceedings{MorrisHirst12,
	author = "Colin Morris and Graeme Hirst",
	title = "Identifying sexual predators by {SVM} classification with lexical and behavioral features",
	booktitle = "Proc. of CLEF",
	volume = "12",
	pages = "29",
	year = "2012",
  url={http://ceur-ws.org/Vol-1178/CLEF2012wn-PAN-MorrisEt2012.pdf}}
	
@misc{McCallum02,
    author = "Andrew Katchites McCallum",
    title = "{MALLET}: {A} machine learning for language toolkit",
    url = "http://mallet.cs.umass.edu",
    year = "2002"}
    
@techreport{GraczykKinningham15,
    author = "Michael Graczyk and Kevin Kinningham",
    title = "Automatic product categorization for anonymous marketplaces",
    year = "2015",
    institution={Stanford University},
    url={http://cs229.stanford.edu/proj2015/184_report.pdf}}
    
@misc{Kagstrom13,
     author = {J. K\r{a}gstr\"{o}m and R. Karlsson and E. K\r{a}gstr\"{o}m},
     title = "u{C}lassify web services",
     url = "http://www.uclassify.com",
     year = "2013"}
 
 @article{Latapy13,
     author = "Matthieu Latapy and Clemence Magnien and Raphael Fournier",
     title = "Quantifying pedophile activity in a large {P2P} system",
     journal = "Information Processing \& Management",
     volume = "49(1)",
     pages = "248-263",
     year = "2013",
     url={https://dl.acm.org/citation.cfm?id=2401206}}	
     
@article{AlNabki19,
	author = "Mhd Wesam {Al Nabki} and Eduardo Fidalgo and Enrique Alegre and Laura Fern√°ndez-Robles",
	title = "To{R}ank: {I}dentifying the most influential suspicious domains in the {T}or network",
	journal = "Expert Systems with Applications",
	volume = "123",
	pages = "212-226",
	year = "2019",
  url={https://www.sciencedirect.com/science/article/pii/S0957417419300296}
}

@inproceedings{isem2013daiber,
title = {Improving Efficiency and Accuracy in Multilingual Entity Extraction},
author = {Joachim Daiber and Max Jakob and Chris Hokamp and Pablo N. Mendes},
year = {2013},
booktitle = {Proc. of I-Semantics},
url={http://jodaiber.de/doc/entity.pdf}
}

@inproceedings{bunescu2006using,
  title={Using encyclopedic knowledge for named entity disambiguation},
  author={Bunescu, Razvan and Pa{\c{s}}ca, Marius},
  booktitle={Proc. of EACL},
  year={2006},
  url={http://aclweb.org/anthology/E06-1002}
}

@phdthesis{Plank11,
author = {Barbara Plank},
title = {Domain adaptation for parsing},
school = {University of Groningen},
year = {2011},
url={https://www.rug.nl/research/portal/files/10469731/08cbibliogr.pdf}
}

@inproceedings{Blitzer06,
author = {John Blitzer and Ryan McDonald and Fernando Pereira},
title = {Domain adaptation with structural correspondence learning},
booktitle = {Proc. of EMNLP},
pages = {120--128},
year = {2006},
url={http://aclweb.org/anthology/W06-1615}
}

@phdthesis{McClosky2010,
author = {David McClosky},
title = {Any domain parsing: automatic domain adaptation for natural language parsing},
school = {Brown University},
year = {2010},
url={https://nlp.stanford.edu/pubs/dmcc-naacl-2010.pdf}
}

